% This file was created with JabRef 2.7.
% Encoding: Cp1252

@ARTICLE{SomeReferenceKey,
  author = AUTHOR,
  journal = JOURNAL,
  year = 2000,
  volume = 1,
  pages = {1--100}
}